@article{marrero2019,
  author = {Marrero, Jos{\' e} and Garc{\' i}a, Alicia and Berrocoso, Manuel and Llinares, {\' A}ngeles and Rodr{\' i}guez-Losada, Antonio and Ortiz, R.},
  journal = {Journal of Applied Volcanology},
  year = {2019},
  month = {7},
  pages = {},
  title = {Strategies for the development of volcanic hazard maps in monogenetic volcanic fields: the example of {La} {Palma} ({Canary} {Islands})},
  volume = {8},
  doi = {10.1186/s13617-019-0085-5},
}
@manual{boes2012,
  title = {Anforderungen und {H}inweise für das {V}erfassen eines {T}echnischen {B}erichts und die {P}räsentation von {P}rojekt-, {B}achelor-und {M}asterarbeiten},
  author = {R. Boes},
  year = {2012},
  month = {Feb.},
  organization = {ETH - Eidgenössische Technische Hochschule Zürich, VAW - Versuchsanstalt für Wasserbau, Hydrologie und Glaziologie},
}
